@book{DurbinKoopman01,
  author        = "Durbin, J. and Koopman, S.J.",
  title         = "Time Series Analysis by State Space Methods",
  publisher   	= "Oxfrod University Press",
  year        	= "2001",
}

@book{Levy09,
  author        = "Levy, A. and Patel, N. and Wang, J. and Zhang, J.",
  title         = "Modeling Retail Correlations in Credit Portfolios",
  publisher   	= "Moody's Analytics",
  year        	= "2009",
}